@article{piper_how_2016,
	title = {How Cultural Capital Works: Prizewinning Novels, Bestsellers, and the Time of Reading},
	url = {https://post45.org/2016/05/how-cultural-capital-works-prizewinning-novels-bestsellers-and-the-time-of-reading/},
	shorttitle = {How Cultural Capital Works},
	abstract = {Andrew Piper and Eva Portelance},
	journaltitle = {Post45: Peer Reviewed},
	author = {Piper, Andrew and Portelance, Eva},
	urldate = {2022-04-26},
	date = {2016-05-10},
	langid = {american},
	file = {Snapshot:C\:\\Users\\jeanb\\Zotero\\storage\\SLUBEWMC\\how-cultural-capital-works-prizewinning-novels-bestsellers-and-the-time-of-reading.html:text/html},
}

@book{colin_pratiques_2017,
	location = {Rennes},
	title = {Pratiques et poétiques du chapitre du {XIXe} au {XXIe} siècle},
	isbn = {978-2-7535-5265-4},
	series = {Interférences},
	publisher = {Presses universitaires de Rennes},
	author = {Colin, Claire and Conrad, Thomas and Leblond, Aude},
	date = {2017},
}

@article{english_shifting_2016,
	title = {Shifting Scales: Between Literature and Social Science},
	volume = {77},
	issn = {0026-7929, 1527-1943},
	url = {https://read.dukeupress.edu/modern-language-quarterly/article/77/3/277-295/19890},
	doi = {10.1215/00267929-3570612},
	shorttitle = {Shifting Scales},
	pages = {277--295},
	number = {3},
	journaltitle = {Modern Language Quarterly},
	shortjournal = {Modern Language Quarterly},
	author = {English, James F. and Underwood, Ted},
	urldate = {2022-04-26},
	date = {2016-09},
	langid = {english},
	file = {English_Underwood_2016_Shifting Scales.pdf:C\:\\Users\\jeanb\\Zotero\\storage\\R9DG7Q9L\\English_Underwood_2016_Shifting Scales.pdf:application/pdf},
}

@book{bourdieu_distinction_2012,
	location = {Paris},
	title = {La distinction critique sociale du jugement},
	isbn = {978-2-7073-3721-4},
	publisher = {Editions de Minuit : Maison des sciences de l'homme},
	author = {Bourdieu, Pierre},
	date = {2012},
	note = {{OCLC}: 990821426},
}

@book{bourdieu_les_1992,
	location = {Paris},
	title = {Les règles de l'art genèse et structure du champ littéraire},
	isbn = {978-2-02-133198-1},
	shorttitle = {Les règles de l'art},
	publisher = {Éditions du Seuil},
	author = {Bourdieu, Pierre},
	date = {1992},
}

@book{guillory_cultural_1998,
	location = {Chicago},
	edition = {[Nachdr.], Paperback ed. 1994},
	title = {Cultural capital: the problem of literary canon formation},
	isbn = {978-0-226-31044-2},
	shorttitle = {Cultural capital},
	pagetotal = {392},
	publisher = {Univ. of Chicago Press},
	author = {Guillory, John},
	date = {1998},
}

@inbook{fraisse_roland_2005,
	title = {Roland Barthes et la question de l’histoire littéraire},
	isbn = {978-2-13-054726-6},
	url = {http://www.cairn.info/l-histoire-litteraire-a-l-aube-du-xxi-e-siecle--9782130547266-page-417.htm},
	pages = {417},
	booktitle = {L'histoire littéraire à l'aube du {XXIe} siècle : Controverses et consensus},
	publisher = {Presses Universitaires de France},
	author = {Marty, Éric},
	bookauthor = {Fraisse, Luc},
	urldate = {2021-11-09},
	date = {2005},
	langid = {french},
	doi = {10.3917/puf.frai.2005.01.0417},
}

@article{barthes_histoire_1960,
	title = {Histoire et littérature : à propos de Racine},
	volume = {15},
	issn = {0395-2649, 1953-8146},
	url = {https://www.cambridge.org/core/product/identifier/S0395264900096207/type/journal_article},
	doi = {10.3406/ahess.1960.421625},
	shorttitle = {Histoire et littérature},
	abstract = {Il existe actuellement à la Radiodiffusion française une émission naïve et touchante  : touchante, parce qu'elle veut suggérer au grand public qu'il n'y a pas seulement une histoire de la musique mais qu'il y a aussi des rapports entre l'histoire et la musique; naïve, on ne voit que trop pourquoi : le principe de l'émission consiste à rapprocher des événements et des œuvres. Le trait d'union, le rapport, l'élément commun, bref le facteur d'identité ? la date. On nous annonce: 1788 — Convocation des États généraux ; Rappel de Necker ; Concerto n° {IV} à quatre, en ut mineur, pour cordes, de B. Galuppi.},
	pages = {524--537},
	number = {3},
	journaltitle = {Annales. Histoire, Sciences Sociales},
	shortjournal = {Annales},
	author = {Barthes, Roland},
	urldate = {2021-11-09},
	date = {1960-06},
	langid = {english},
}

@book{thiesse_fabrique_2019,
	location = {Paris},
	title = {La fabrique de l'écrivain national: entre littérature et politique},
	isbn = {978-2-07-278996-0},
	series = {Bibliothèque des histoires},
	shorttitle = {La fabrique de l'écrivain national},
	publisher = {Gallimard},
	author = {Thiesse, Anne-Marie},
	date = {2019},
}

@book{lyon-caen_griffe_2019,
	location = {Paris},
	title = {La griffe du temps: ce que l'histoire peut dire de la littérature},
	isbn = {978-2-07-282669-6},
	series = {nrf},
	shorttitle = {La griffe du temps},
	pagetotal = {293},
	publisher = {Gallimard},
	author = {Lyon-Caen, Judith},
	date = {2019},
}

@article{molinie_style_1996,
	title = {Style et littérarité},
	volume = {28},
	issn = {0992-5279},
	url = {https://www.persee.fr/doc/licla_0992-5279_1996_num_28_1_2519},
	doi = {10.3406/licla.1996.2519},
	pages = {69--74},
	number = {1},
	journaltitle = {Littératures classiques},
	shortjournal = {licla},
	author = {Molinié, Georges},
	urldate = {2021-11-09},
	date = {1996},
	langid = {french},
}

@book{molinie_approches_1993,
	title = {Approches de la réception},
	isbn = {978-2-13-045101-3},
	url = {http://www.cairn.info/approches-de-la-reception--9782130451013.htm},
	publisher = {Presses Universitaires de France},
	author = {Molinié, Georges and Viala, Alain},
	urldate = {2021-11-10},
	date = {1993},
	langid = {french},
	doi = {10.3917/puf.molin.1993.01},
}

@book{gefen_idee_2021,
	location = {Paris},
	title = {L'idée de littérature: de l'art pour l'art aux écritures d'intervention},
	isbn = {978-2-7143-1254-9},
	series = {Les essais},
	shorttitle = {L'idée de littérature},
	pagetotal = {383},
	publisher = {Éditions Corti},
	author = {Gefen, Alexandre},
	date = {2021},
	keywords = {Literature, Aesthetics History, Philosophy History},
}

@book{maingueneau_contexte_1993,
	location = {Paris},
	title = {Le contexte de l'oeuvre littéraire: énonciation, écrivain, société},
	isbn = {978-2-10-001688-4},
	series = {Collection Lettres supérieures},
	shorttitle = {Le contexte de l'oeuvre littéraire},
	publisher = {Bordas},
	author = {Maingueneau, Dominique},
	date = {1993},
}

@book{brunet_comptes_2009,
	location = {Paris},
	title = {Comptes d'auteurs},
	isbn = {978-2-7453-2019-3},
	publisher = {H. Champion éd},
	author = {Brunet, Étienne and Mayaffre, Damon and Béhar, Henri},
	date = {2009},
}

@book{saussure_cours_1995,
	location = {Paris},
	title = {Cours de linguistique générale},
	isbn = {978-2-228-88942-1},
	series = {Grande bibliothèque Payot},
	publisher = {Payot},
	author = {Saussure, Ferdinand de and Bally, Charles and Sechehaye, Charles-Albert and Riedlinger, Albert and De Mauro, Tullio and Calvet, Louis-Jean},
	date = {1995},
}

@book{riffaterre_essais_1975,
	location = {Paris},
	title = {Essais de stylistique structurale},
	isbn = {978-2-08-210168-4},
	series = {Nouvelle bibliothèque scientifique},
	pagetotal = {364},
	publisher = {Flammarion},
	author = {Riffaterre, Michael},
	date = {1975},
}

@book{rastier_arts_2001,
	location = {Paris},
	edition = {1re éd},
	title = {Arts et sciences du texte},
	isbn = {978-2-13-051932-4},
	series = {Formes sémiotiques},
	pagetotal = {303},
	publisher = {Presses universitaires de France},
	author = {Rastier, François},
	date = {2001},
	keywords = {Semiotics, Discourse analysis, Hermeneutics, Philology, Poetics, Rhetoric},
}

@book{rabatel_histoire_1997,
	location = {Metz},
	title = {Une histoire du point de vue},
	isbn = {978-2-909498-06-5},
	series = {Recherches textuelles},
	pagetotal = {306},
	number = {no 2},
	publisher = {Centre d'études linguistiques des textes et des discours de l'Université de Metz},
	author = {Rabatel, Alain},
	date = {1997},
	keywords = {Point of view (Literature)},
}

@book{philippe_pourquoi_2021,
	location = {Bruxelles},
	title = {Pourquoi le style change-t-il?},
	isbn = {978-2-87449-864-0},
	pagetotal = {259},
	publisher = {Les Impressions nouvelles},
	author = {Philippe, Gilles},
	date = {2021},
	keywords = {History, History and criticism, French literature, Literary style, French language, Style},
}

@book{marghescou_concept_2009,
	location = {Paris},
	edition = {Nouvelle version},
	title = {Le concept de littérarité: critique de la métalittérature},
	isbn = {978-2-84174-487-9},
	series = {Détours littéraires},
	shorttitle = {Le concept de littérarité},
	publisher = {Éd. Kimé},
	author = {Marghescou, Mircea},
	date = {2009},
}

@article{fish_what_1979,
	title = {What is Stylistics and Why Are They Saying Such Terrible Things about It?-Part {II}},
	volume = {8},
	issn = {01903659},
	url = {https://www.jstor.org/stable/303144?origin=crossref},
	doi = {10.2307/303144},
	shorttitle = {What is Stylistics and Why Are They Saying Such Terrible Things about It?},
	pages = {129},
	number = {1},
	journaltitle = {boundary 2},
	shortjournal = {boundary 2},
	author = {Fish, Stanley E.},
	urldate = {2021-11-15},
	date = {1979},
}

@book{lentricchia_critical_2012,
	location = {Chicago [Ill.},
	title = {Critical terms for literary study},
	isbn = {978-1-84972-354-1},
	url = {http://www.credoreference.com/book/uchicagols},
	abstract = {Since its publication in 1990, Critical Terms for Literary Study has become a landmark introduction to the work of literary theory - giving tens of thousands of students an unparalleled encounter with what it means to do theory and criticism. Significantly expanded, this new edition features six new chapters that confront, in different ways, the growing understanding of literary works as cultural practices. These six new chapters are "Popular Culture," "Diversity," "Imperialism/Nationalism," "Desire," "Ethics," and "Class," by John Fiske, Louis Menand, Seamus Deane, Judith Butler, Geoffrey Galt Harpham, and Daniel T. O'Hara, respectively. Each new essay adopts the approach that has won this book such widespread acclaim: each provides a concise history of a literary term, critically explores the issues and questions the term raises, and then puts theory into practice by showing the reading strategies the term permits.},
	publisher = {University of Chicago Press},
	author = {Lentricchia, Frank and {McLaughlin}, Thomas},
	urldate = {2021-11-22},
	date = {2012},
	note = {{OCLC}: 813244781},
}

@book{barthes_oeuvres_2002,
	location = {Paris},
	edition = {Nouv. éd},
	title = {Oeuvres complètes},
	isbn = {978-2-02-056731-2},
	publisher = {Éd. du Seuil},
	author = {Barthes, Roland and Marty, Éric},
	date = {2002},
}

@book{philippe_sujet_2002,
	location = {Paris},
	title = {Sujet, verbe, complément: le moment grammatical de la littérature française, 1890-1940},
	isbn = {978-2-07-076408-2},
	series = {Bibliothèque des idées},
	shorttitle = {Sujet, verbe, complément},
	pagetotal = {258},
	publisher = {Gallimard},
	author = {Philippe, Gilles},
	date = {2002},
	note = {{OCLC}: ocm51263704},
	keywords = {20th century, History and criticism, French literature, French language, Style, 19th century, Grammar, Grammaticality (Linguistics)},
}

@book{heydebrand_einfuhrung_1996,
	location = {Paderborn München},
	title = {Einführung in die Wertung von Literatur: Systematik - Geschichte - Legitimation},
	isbn = {978-3-8252-1953-6},
	series = {{UTB} für Wissenschaft Uni-Taschenbücher},
	shorttitle = {Einführung in die Wertung von Literatur},
	pagetotal = {406},
	number = {1953},
	publisher = {Schöningh},
	author = {Heydebrand, Renate von and Winko, Simone},
	date = {1996},
	file = {Table of Contents PDF:C\:\\Users\\jeanb\\Zotero\\storage\\B7MYR736\\Heydebrand et Winko - 1996 - Einführung in die Wertung von Literatur Systemati.pdf:application/pdf},
}

@book{renate_von_heydebrand_kanon_2016,
	title = {Kanon Macht Kultur Theoretische, historische und soziale Aspekte asthetischer Kanonbildungen {DFG}-Symposion 1996},
	isbn = {978-3-476-05564-4},
	url = {https://nbn-resolving.org/urn:nbn:de:101:1-2016100417103},
	shorttitle = {Kanon Macht Kultur Theoretische, historische und soziale Aspekte ?},
	author = {Renate von Heydebrand},
	urldate = {2021-11-22},
	date = {2016},
	note = {{OCLC}: 962086880},
}

@book{hamburger_logik_1994,
	location = {Stuttgart},
	edition = {4. Aufl},
	title = {Die Logik der Dichtung},
	isbn = {978-3-608-91681-2},
	pagetotal = {273},
	publisher = {Klett-Cotta},
	author = {Hamburger, Käte},
	date = {1994},
}

@article{schmitt_les_1993,
	title = {Les cotes aux concours},
	volume = {19},
	issn = {0992-5279},
	url = {https://www.persee.fr/doc/licla_0992-5279_1993_num_19_1_1753},
	doi = {10.3406/licla.1993.1753},
	pages = {281--291},
	number = {1},
	journaltitle = {Littératures classiques},
	shortjournal = {licla},
	author = {Schmitt, Michel P. and Viala, Alain},
	urldate = {2021-11-23},
	date = {1993},
	langid = {french},
}

@article{viala_quest-ce_1993,
	title = {Qu’est-ce qu’un classique ?},
	volume = {19},
	issn = {0992-5279},
	url = {https://www.persee.fr/doc/licla_0992-5279_1993_num_19_1_1737},
	doi = {10.3406/licla.1993.1737},
	pages = {11--31},
	number = {1},
	journaltitle = {Littératures classiques},
	shortjournal = {licla},
	author = {Viala, Alain},
	urldate = {2021-11-23},
	date = {1993},
	langid = {french},
}

@article{philippe_traitement_2005,
	title = {Traitement stylistique et traitement idiolectal des singularités langagières},
	issn = {0765-4944, 2111-5044},
	url = {http://journals.openedition.org/praxematique/1659},
	doi = {10.4000/praxematique.1659},
	pages = {77--92},
	number = {44},
	journaltitle = {Cahiers de praxématique},
	shortjournal = {praxematique},
	author = {Philippe, Gilles},
	urldate = {2021-11-23},
	date = {2005-01-01},
	file = {Philippe_2005_Traitement stylistique et traitement idiolectal des singularités langagières.pdf:C\:\\Users\\jeanb\\Zotero\\storage\\2767723Q\\Philippe_2005_Traitement stylistique et traitement idiolectal des singularités langagières.pdf:application/pdf},
}

@book{barthes_degre_1972,
	location = {Paris},
	title = {Le Degré zéro de l'écriture},
	isbn = {978-2-02-000610-1},
	series = {Points. Littérature},
	pagetotal = {187},
	number = {35},
	publisher = {Éditions du Seuil},
	author = {Barthes, Roland},
	date = {1972},
	keywords = {History and criticism, French literature, Literary style},
}

@article{barthes_introduction_1966,
	title = {Introduction à l'analyse structurale des récits},
	volume = {8},
	issn = {0588-8018},
	url = {https://www.persee.fr/doc/comm_0588-8018_1966_num_8_1_1113},
	doi = {10.3406/comm.1966.1113},
	pages = {1--27},
	number = {1},
	journaltitle = {Communications},
	shortjournal = {comm},
	author = {Barthes, Roland},
	urldate = {2021-11-24},
	date = {1966},
	langid = {french},
}

@collection{philippe_langue_2009,
	location = {Paris},
	title = {La langue littéraire: une histoire de la prose en France de Gustave Flaubert à Claude Simon},
	isbn = {978-2-213-63115-8},
	shorttitle = {La langue littéraire},
	pagetotal = {570},
	publisher = {Fayard},
	editor = {Philippe, Gilles and Piat, Julien},
	date = {2009},
	keywords = {20th century, History and criticism, 19th century, French prose literature},
}

@book{english_economy_2009,
	location = {Cambridge},
	title = {Economy of Prestige: Prizes, Awards, and the Circulation of Cultural Value.},
	isbn = {978-0-674-03653-6},
	shorttitle = {Economy of Prestige},
	abstract = {This is a book about one of the great untold stories of modern cultural life: the remarkable ascendancy of prizes in literature and the arts. Such prizes and the competitions they crown are almost as old as the arts themselves, but their number and power--and their consequences for society and culture at large--have expanded to an unprecedented degree in our day. In a wide-ranging overview of this phenomenon, James F. English documents the dramatic rise of the awards industry and its complex role within what he describes as an economy of cultural prestige. Observing that cultural prizes in their modern form originate at the turn of the twentieth century with the institutional convergence of art and competitive spectator sports, English argues that they have in recent decades undergone an important shift--a more genuine and far-reaching globalization than what has occurred in the economy of material goods. Focusing on the cultural prize in its contemporary form, his book addresses itself broadly to the economic dimensions of culture, to the rules or logic of exchange in the market for what has come to be called "cultural capital." In the wild proliferation of prizes, English finds a key to transformations in the cultural field as a whole. And in the specific workings of prizes, their elaborate mechanics of nomination and election, presentation and acceptance, sponsorship, publicity, and scandal, he uncovers evidence of the new arrangements and relationships that have refigured that field.},
	publisher = {Harvard University Press},
	author = {English, James F},
	urldate = {2021-12-27},
	date = {2009},
	note = {{OCLC}: 1058248419},
}

@book{haskell_rediscoveries_1980,
	location = {Ithaca, {NY}},
	edition = {2. pr., with some revisions},
	title = {Rediscoveries in art: some aspects of taste, fashion and collecting in England and France},
	isbn = {978-0-8014-9187-0},
	series = {The Wrightsman lectures},
	shorttitle = {Rediscoveries in art},
	pagetotal = {234},
	number = {7},
	publisher = {Cornell Univ. Pr},
	author = {Haskell, Francis},
	date = {1980},
}

@incollection{rorty_seven_1984,
	edition = {1},
	title = {Seven thinkers and how they grew: Descartes, Spinoza, Leibniz; Locke, Berkeley, Hume; Kant},
	isbn = {978-0-521-25352-9},
	url = {https://www.cambridge.org/core/product/identifier/CBO9780511625534A017/type/book_part},
	shorttitle = {Seven thinkers and how they grew},
	pages = {125--140},
	booktitle = {Philosophy in History},
	publisher = {Cambridge University Press},
	author = {Kuklick, Bruce},
	editor = {Rorty, Richard and Schneewind, Jerome B. and Skinner, Quentin},
	urldate = {2022-01-05},
	date = {1984-11-08},
	doi = {10.1017/CBO9780511625534.009},
}

@book{mazaleyrat_vocabulaire_1989,
	location = {Paris},
	edition = {1re éd},
	title = {Vocabulaire de la stylistique},
	isbn = {978-2-13-042117-7},
	pagetotal = {379},
	publisher = {Presses universitaires de France},
	author = {Mazaleyrat, Jean and Molinié, Georges},
	date = {1989},
	keywords = {Literary style, French language, Style, Dictionaries, Dictionaries French},
}

@incollection{jeannelle__2017,
	location = {Paris},
	title = {La « littérarité » à l’épreuve d’une histoire des pratiques littéraires et des idées linguistiques : Entretien avec Gilles Philippe},
	isbn = {978-2-87854-739-9},
	url = {http://books.openedition.org/psn/1294},
	series = {Fiction/Non fiction {XXI}},
	shorttitle = {La « littérarité » à l’épreuve d’une histoire des pratiques littéraires et des idées linguistiques},
	pages = {39--49},
	booktitle = {Le mot juste : Des mots à l’essai aux mots à l’œuvre},
	publisher = {Presses Sorbonne Nouvelle},
	author = {Jeannelle, Jean-Louis},
	editor = {Barraband, Mathilde and Faerber, Johan and Pigeat, Aurélien},
	urldate = {2022-01-05},
	date = {2017-04-12},
	note = {Code: Le mot juste : Des mots à l’essai aux mots à l’œuvre},
	keywords = {communication écrite, littérature française, logique, pertinence, rhétorique},
}

@article{wesseling_fernand_1981,
	title = {Fernand Braudel, Historian Of The ‘Longue Durée’},
	volume = {5},
	issn = {0165-1153, 2041-2827},
	url = {https://www.cambridge.org/core/product/identifier/S0165115300007105/type/journal_article},
	doi = {10.1017/S0165115300007105},
	pages = {15--29},
	number = {2},
	journaltitle = {Itinerario},
	shortjournal = {Itinerario},
	author = {Wesseling, H.L.},
	urldate = {2022-01-06},
	date = {1981-07},
	langid = {english},
}

@book{compagnon_demon_1998,
	location = {Paris},
	title = {Le démon de la théorie: littérature et sens commun},
	isbn = {978-2-02-022506-9},
	series = {La couleur des idées},
	shorttitle = {Le démon de la théorie},
	pagetotal = {306},
	publisher = {Seuil},
	author = {Compagnon, Antoine},
	date = {1998},
	keywords = {Philosophy, History and criticism Theory, etc, Criticism, Literature, French literature, Common sense},
}

@book{kristeva_texte_1979,
	location = {The Hague},
	edition = {3. print},
	title = {Le texte du roman: approche sémiologique d'une structure discursive transformationnelle},
	isbn = {978-90-279-3304-1},
	series = {Approaches to semiotics},
	shorttitle = {Le texte du roman},
	pagetotal = {209},
	number = {6},
	publisher = {Mouton},
	author = {Kristeva, Julia},
	date = {1979},
}

@book{casanova_republique_2008,
	location = {Paris},
	edition = {Édition revue et corrigé e},
	title = {La république mondiale des lettres},
	isbn = {978-2-7578-0998-3},
	series = {Points Série essais},
	shorttitle = {La république mondiale des lettres},
	pagetotal = {504},
	number = {607},
	publisher = {Éditions du Seuil},
	author = {Casanova, Pascale},
	date = {2008},
	file = {Casanova_2008_La république mondiale des lettres.pdf:C\:\\Users\\jeanb\\Zotero\\storage\\IF8J8GXL\\Casanova_2008_La république mondiale des lettres.pdf:application/pdf},
}

@article{molinie_semiostylistique_1990,
	title = {Sémiostylistique : à propos de Proust},
	url = {https://www.e-periodica.ch/digbib/view?pid=ver-001:1990:18::32},
	doi = {10.5169/SEALS-259858},
	shorttitle = {Sémiostylistique},
	author = {Molinié, Georges},
	urldate = {2022-01-24},
	date = {1990},
	note = {Medium: text/html,application/pdf
Publisher: Editions de la Baconnière},
}

@book{rastier_semantique_2009,
	location = {Paris},
	edition = {3e éd. mise à jour},
	title = {Sémantique interprétative},
	isbn = {978-2-13-057495-8},
	series = {Formes sémiotiques},
	publisher = {Presses universitaires de France},
	author = {Rastier, François},
	date = {2009},
}

@article{andre_litterature_2011,
	title = {La littérature française contemporaine à l'épreuve du fichier central des thèses},
	volume = {111},
	issn = {0035-2411, 2105-2689},
	url = {http://www.cairn.info/revue-d-histoire-litteraire-de-la-france-2011-3-page-695.htm},
	doi = {10.3917/rhlf.113.0695},
	pages = {695},
	number = {3},
	journaltitle = {Revue d'histoire littéraire de la France},
	author = {André, Marie-Odile and Barraband, Mathilde and Bédrane, Sabrinelle and Lasserre, Audrey and Marchand, Aliner},
	urldate = {2022-01-25},
	date = {2011},
	langid = {french},
}

@article{jey_canon_2014,
	title = {Le canon aux agrégations du {XIX} $^{\textrm{e}}$ siècle},
	volume = {114},
	issn = {0035-2411, 2105-2689},
	url = {http://www.cairn.info/revue-d-histoire-litteraire-de-la-france-2014-1-page-143.htm},
	doi = {10.3917/rhlf.141.0143},
	pages = {143},
	number = {1},
	journaltitle = {Revue d'histoire littéraire de la France},
	author = {Jey, Martine},
	urldate = {2022-01-25},
	date = {2014},
	langid = {french},
}

@article{obrien_becoming_1988,
	title = {Becoming Noncanonical: The Case Against Willa Cather},
	volume = {40},
	issn = {00030678},
	url = {https://www.jstor.org/stable/2713144?origin=crossref},
	doi = {10.2307/2713144},
	shorttitle = {Becoming Noncanonical},
	pages = {110},
	number = {1},
	journaltitle = {American Quarterly},
	shortjournal = {American Quarterly},
	author = {O'Brien, Sharon},
	urldate = {2022-01-25},
	date = {1988-03},
}

@collection{jey_idee_2019,
	location = {Paris},
	title = {L'idée de littérature dans l'enseignement},
	isbn = {978-2-406-08423-5},
	series = {Rencontres, Série Littérature des {XXe} et {XXIe} siècles},
	pagetotal = {362},
	number = {380. 36},
	publisher = {Classiques Garnier},
	editor = {Jey, Martine and Perret, Laetitia},
	date = {2019},
	keywords = {Congresses, Canon (Literature), Literature, France, Study and teaching},
}

@book{eco_recherche_1997,
	location = {Paris},
	title = {La recherche de la langue parfaite dans la culture européenne},
	isbn = {978-2-02-031468-8},
	series = {Points},
	number = {351},
	publisher = {Éd. du Seuil},
	author = {Eco, Umberto},
	date = {1997},
}

@book{alexandre_traversee_2004,
	location = {Paris},
	title = {La traversée des thèses: bilan de la recherche doctorale en littérature française du {XXe} siècle: actes},
	isbn = {978-2-87854-291-2},
	shorttitle = {La traversée des thèses},
	pagetotal = {254},
	publisher = {Presses Sorbonne nouvelle},
	author = {Alexandre, Didier},
	date = {2004},
	keywords = {Congresses, 20th century, History and criticism, French literature, Dissertations, Academic},
}

@book{compagnon_troisieme_1983,
	location = {Paris},
	title = {La Troisième République des lettres, de Flaubert à Proust},
	isbn = {978-2-02-006583-2},
	pagetotal = {381},
	publisher = {Editions du Seuil},
	author = {Compagnon, Antoine},
	date = {1983},
	keywords = {History, Criticism, History and criticism, French literature, France, Criticism and interpretation, Flaubert, Gustave, Lanson, Gustave, Proust, Marcel},
}

@thesis{jipa_canonisation_2016,
	location = {Frankfurt},
	title = {La canonisation littéraire et l'avènement de la culture de masse: la collection Les grands écrivains français (1887-1913)},
	shorttitle = {La canonisation littéraire et l'avènement de la culture de masse},
	institution = {Peter Lang Academic research},
	type = {phdthesis},
	author = {Jipa, Dragoş},
	date = {2016},
	note = {{ISBN}: 9783631672419
Series Number: Volume 302
Series: Publications universitaires européennes},
}

@article{english_now_2016,
	title = {Now, Not Now: Counting Time in Contemporary Fiction Studies},
	volume = {77},
	issn = {0026-7929, 1527-1943},
	url = {https://read.dukeupress.edu/modern-language-quarterly/article/77/3/395-418/19914},
	doi = {10.1215/00267929-3570667},
	shorttitle = {Now, Not Now},
	pages = {395--418},
	number = {3},
	journaltitle = {Modern Language Quarterly},
	shortjournal = {Modern Language Quarterly},
	author = {English, James F.},
	urldate = {2022-02-02},
	date = {2016-09},
	langid = {english},
}

@book{massol_institution_2004,
	location = {Grenoble},
	title = {De l'institution scolaire de la littérature française, 1870-1925},
	isbn = {978-2-84310-039-0},
	publisher = {{ELLUG}},
	author = {Massol, Jean-François},
	date = {2004},
}

@article{harris_canonicity_1991,
	title = {Canonicity},
	volume = {106},
	issn = {0030-8129, 1938-1530},
	url = {https://www.cambridge.org/core/product/identifier/S0030812900070279/type/journal_article},
	doi = {10.2307/462827},
	abstract = {The canon of biblical books is frequently cited as a parallel to a unitary literary canon that, though often presumed, is in fact not to be found. The biblical canon was created for the purpose of forestalling change and exiling competition. There are at least ten kinds of literary canons, all ultimately resulting from selections made for such distinct purposes as providing models, transmitting a heritage, creating common frames of reference, logrolling, legitimating theory, historicizing, and pluralizing. Canons formed for any of these purposes necessarily yield to change over time and compete with one another at any given time. We can reasonably expect neither the abolition of selective canons nor agreement on a single one; we can, however, seek clarity about purposes.},
	pages = {110--121},
	number = {1},
	journaltitle = {{PMLA}/Publications of the Modern Language Association of America},
	shortjournal = {Publ. Mod. Lang. Assoc. Am.},
	author = {Harris, Wendell V.},
	urldate = {2022-02-08},
	date = {1991-01},
	langid = {english},
}

@article{compere_les_1997,
	title = {Les humanités dans l’histoire de l’enseignement français},
	volume = {74},
	issn = {0221-6280},
	url = {https://www.persee.fr/doc/hedu_0221-6280_1997_num_74_1_2907},
	doi = {10.3406/hedu.1997.2907},
	pages = {5--38},
	number = {1},
	journaltitle = {Histoire de l'éducation},
	shortjournal = {hedu},
	author = {Compère, Marie-Madeleine and Chervel, André},
	urldate = {2022-02-09},
	date = {1997},
	langid = {french},
}

@article{thiesse_declin_1981,
	title = {Déclin de l'âge classique et naissance des classiques : l'évolution des programmes littéraires de l'agrégation depuis 1890},
	volume = {42},
	issn = {0047-4800},
	url = {https://www.persee.fr/doc/litt_0047-4800_1981_num_42_2_2159},
	doi = {10.3406/litt.1981.2159},
	shorttitle = {Déclin de l'âge classique et naissance des classiques},
	pages = {89--108},
	number = {2},
	journaltitle = {Littérature},
	shortjournal = {litt},
	author = {Thiesse, Anne-Marie and Mathieu, Hélène},
	urldate = {2022-02-12},
	date = {1981},
	langid = {french},
}

@article{compagnon_sainte-beuve_1995,
	title = {Sainte-Beuve and the Canon},
	volume = {110},
	issn = {00267910, 10806598},
	url = {http://www.jstor.org/stable/3251396},
	pages = {1188--1199},
	number = {5},
	journaltitle = {{MLN}},
	author = {Compagnon, Antoine},
	urldate = {2022-03-08},
	date = {1995},
	note = {Publisher: Johns Hopkins University Press},
}

@book{felperin_beyond_1985,
	location = {Oxford},
	title = {Beyond deconstruction: the uses and abuses of literary theory},
	isbn = {978-0-19-812839-7},
	shorttitle = {Beyond deconstruction},
	publisher = {Clarendon press},
	author = {Felperin, Howard},
	date = {1985},
}

@article{levin_core_1981,
	title = {Core, Canon, Curriculum},
	volume = {43},
	issn = {0010-0994},
	url = {https://www.jstor.org/stable/377120},
	doi = {10.2307/377120},
	pages = {352--362},
	number = {4},
	journaltitle = {College English},
	author = {Levin, Harry},
	urldate = {2022-03-14},
	date = {1981},
	note = {Publisher: National Council of Teachers of English},
}

@book{proust_contre_1996,
	location = {Paris},
	title = {Contre Sainte-Beuve},
	isbn = {978-2-07-032428-6},
	series = {folio essais},
	pagetotal = {307},
	number = {68},
	publisher = {Gallimard},
	author = {Proust, Marcel},
	date = {1996},
}

@article{fassin_chaire_1993,
	title = {La chaire et le canon. Les intellectuels, la politique et l'Université aux États-Unis},
	volume = {48},
	issn = {0395-2649},
	url = {http://www.persee.fr/web/revues/home/prescript/article/ahess_0395-2649_1993_num_48_2_279133},
	doi = {10.3406/ahess.1993.279133},
	pages = {265--301},
	number = {2},
	journaltitle = {Annales. Histoire, Sciences Sociales},
	shortjournal = {ahess},
	author = {Fassin, Éric},
	urldate = {2022-04-11},
	date = {1993},
	langid = {french},
}

@collection{von_hallberg_canons_1984,
	location = {Chicago},
	title = {Canons},
	isbn = {978-0-226-86494-5},
	pagetotal = {407},
	publisher = {Univ. of Chicago Press},
	editor = {Von Hallberg, Robert},
	date = {1984},
}

@book{pollock_differencing_1999,
	location = {London ; New York},
	title = {Differencing the canon: feminist desire and the writing of art's histories},
	isbn = {978-0-415-06699-0},
	series = {Re visions},
	shorttitle = {Differencing the canon},
	pagetotal = {345},
	publisher = {Routledge},
	author = {Pollock, Griselda},
	date = {1999},
	keywords = {Feminism and art, Psychoanalysis and feminism, Psychology, Women art historians},
}

@article{chevrel_les_2003,
	title = {Les Lettres modernes et la formation des professeurs de français:},
	volume = {Vol. 55},
	issn = {0020-0123},
	url = {https://cairn.info/revue-l-information-litteraire-2003-3-page-3.htm?ref=doi},
	doi = {10.3917/inli.553.0003},
	shorttitle = {Les Lettres modernes et la formation des professeurs de français},
	pages = {3--10},
	number = {3},
	journaltitle = {L'information littéraire},
	author = {Chevrel, Yves},
	urldate = {2022-04-11},
	date = {2003-09-01},
}

@article{bahar_canon_2003,
	title = {Le canon en question : l’objet littéraire dans le sillage des mouvements féministes:},
	volume = {Vol. 22},
	issn = {0248-4951},
	url = {https://www.cairn.info/revue-nouvelles-questions-feministes-2003-2-page-4.htm?ref=doi},
	doi = {10.3917/nqf.222.0004},
	shorttitle = {Le canon en question},
	pages = {4--12},
	number = {2},
	journaltitle = {Nouvelles Questions Féministes},
	author = {Bahar, Saba and Cossy, Valérie},
	urldate = {2022-04-11},
	date = {2003-06-01},
}

@book{jey_litterature_1998,
	location = {Paris},
	title = {La littérature au lycée: invention d'une discipline (1880-1925)},
	isbn = {978-2-909498-07-2},
	series = {Recherches textuelles},
	shorttitle = {La littérature au lycée},
	pagetotal = {344},
	number = {no 3},
	publisher = {Klincksieck},
	author = {Jey, Martine},
	date = {1998},
	keywords = {Canon (Literature), Literature, French literature, France, Study and teaching (Secondary) History},
}

@book{chervel_histoire_1993,
	location = {Paris},
	title = {Histoire de l'agrégation: contribution à l'histoire de la culture scolaire},
	isbn = {978-2-7342-0357-5},
	series = {Collection "Le Sens de l'histoire"},
	shorttitle = {Histoire de l'agrégation},
	pagetotal = {289},
	publisher = {Institut national de recherche pédagogique : Editions Kimé},
	author = {Chervel, André},
	date = {1993},
	keywords = {History, France, Certification History, Examinations, Examinations History, High school teachers, High school teaching},
}

@book{braudel_mediterranee_2017,
	location = {Malakoff},
	edition = {Dixième édition},
	title = {La Méditerranée et le monde méditerranéen à l'époque de Philippe {II}. Fernand Braudel},
	isbn = {978-2-200-61825-4},
	shorttitle = {La Méditerranée et le monde méditerranéen à l'époque de Philippe {II}. 1},
	pagetotal = {375},
	publisher = {Armand Colin},
	author = {Braudel, Fernand},
	date = {2017},
}

@book{bloom_western_1994,
	location = {New York},
	title = {The Western canon: the books and school of the ages},
	isbn = {978-0-547-54648-3},
	url = {http://site.ebrary.com/id/10879075},
	shorttitle = {The Western canon},
	abstract = {"Harold Bloom explores our Western literary tradition by concentrating on the works of twenty-six authors central to the Canon. He argues against ideology in literary criticism; he laments the loss of intellectual and aesthetic standards; he deplores multiculturalism, Marxism, feminism, neoconservatism, Afrocentrism, and the New Historicism." "Insisting instead upon "the autonomy of the aesthetic," Bloom places Shakespeare at the center of the Western Canon. Shakespeare has become the touchstone for all writers who come before and after him, whether playwrights poets or storytellers. In the creation of character, Bloom maintains, Shakespeare has no true precursor and has left no one after him untouched. Milton, Samuel Johnson, Goethe, Ibsen, Joyce, and Beckett were all indebted to him; Tolstoy and Freud rebelled against him; and Dante, Wordsworth, Austen, Dickens, Whitman, Dickinson, Proust, the modern Hispanic and Portuguese writers Borges, Neruda, and Pessoa are exquisite examples of how canonical writing is born of an originality fused with tradition." "Bloom concludes this provocative, trenchant work with a complete list of essential writers and books - his vision of the Canon."--Jacket},
	publisher = {Harcourt Brace},
	author = {Bloom, Harold},
	urldate = {2022-04-13},
	date = {1994},
	note = {{OCLC}: 624578000},
}

@misc{harder_deconstruire_2013,
	title = {(Dé)construire le canon Introduction},
	url = {http://www.crlc.paris-sorbonne.fr/pdf_revue/revue4/1_INTRO_Harder.pdf},
	publisher = {Comparatisme en Sorbonne},
	author = {Harder, Marie-Pierre},
	urldate = {2022-04-13},
	date = {2013},
}

@collection{molinie_quest-ce_1994,
	location = {Paris},
	edition = {1re éd},
	title = {Qu'est-ce que le style? actes du colloque international},
	isbn = {978-2-13-046087-9},
	series = {Linguistique nouvelle},
	shorttitle = {Qu'est-ce que le style?},
	pagetotal = {354},
	publisher = {Presses universitaires de France},
	editor = {Molinié, Georges and Cahné, Pierre Alain},
	date = {1994},
	keywords = {Language and languages, Style Congresses},
}


@book{philippe_reve_2013,
	location = {Paris},
	edition = {1re édition},
	title = {Le rêve du style parfait},
	isbn = {978-2-13-062093-8},
	pagetotal = {225},
	publisher = {Presses universitaires de France},
	author = {Philippe, Gilles},
	date = {2013},
	keywords = {French literature, History and criticism, Literary style},
}